@misc{n:online,
author = {},
title = {中性子-Wikipedia},
howpublished = {\url{https://ja.wikipedia.org/wiki/%E4%B8%AD%E6%80%A7%E5%AD%90}},
month = {},
year = {},
note = {(Accessed on 06/27/2022)}
}

@misc{p:online,
author = {},
title = {陽子-Wikipedia},
howpublished = {\url{https://ja.wikipedia.org/wiki/%E9%99%BD%E5%AD%90}},
month = {},
year = {},
note = {(Accessed on 06/27/2022)}
}