@misc{trans:online,
author = {堀内浩水},
title = {トランスサイエンスと科学の境界線 見上公一先生の講義レポート},
howpublished = {\url{https://costep.open-ed.hokudai.ac.jp/en/news/10645}},
month = {10},
year = {2019},
note = {(Accessed on 07/26/2022)}
}

@misc{class,
author = {三上公一},
title = {科学と社会 第8回講義スライド},
howpublished = {\url{https://lms.keio.jp/courses/41033/files/1900209/download?download_frd=1}},
note = {(Accessed on 07/16/2022)}
}