@article{PhysRevD.71.112005,
  title = {Measurement of atmospheric neutrino oscillation parameters by Super-Kamiokande I},
  author = {Ashie, Y and others},
  collaboration = {Super-Kamiokande Collaboration},
  journal = {Phys. Rev. D},
  volume = {71},
  issue = {11},
  pages = {112005},
  numpages = {35},
  year = {2005},
  month = {Jun},
  publisher = {American Physical Society},
  doi = {10.1103/PhysRevD.71.112005},
  url = {https://link.aps.org/doi/10.1103/PhysRevD.71.112005}
}

@misc{kamioka:online,
author = {梶裕志},
title = {スーパーカミオカンデ実験における大気ニュートリノ解析の現状},
howpublished = {\url{https://www.icrr.u-tokyo.ac.jp/~kaji/presentations/FPW09-atm-nu.pdf}},
note = {(Accessed on 08/04/2022)}
}